@INPROCEEDINGS{8645416,
author={F. A. {Aoudia} and J. {Hoydis}},
booktitle={2018 52nd Asilomar Conference on Signals, Systems, and Computers},
title={End-to-End Learning of Communications Systems Without a Channel Model},
year={2018},
volume={},
number={},
pages={298-303},
keywords={AWGN channels;convergence;Rayleigh channels;supervised learning;telecommunication computing;end-to-end learning;communications systems;supervised training;receiver;AWGN channels;RBF channels;NN;RL;additive white Gaussian noise;Rayleigh block-fading channels;transmitter;convergence;reinforcement learning-based training;Training;Receivers;Transmitters;Communication systems;Channel models;Task analysis;Artificial neural networks},
doi={10.1109/ACSSC.2018.8645416},
ISSN={},
month={Oct},}
@misc{jin2017escape,
	title={How to Escape Saddle Points Efficiently},
	author={Chi Jin and Rong Ge and Praneeth Netrapalli and Sham M. Kakade and Michael I. Jordan},
	year={2017},
	eprint={1703.00887},
	archivePrefix={arXiv},
	primaryClass={cs.LG}
}